<record><leader>00000cas a22000007a 4500</leader><controlfield tag="001">14237757</controlfield><controlfield tag="008">860919d19211923iaudn ne      0    0eng d</controlfield><datafield ind1=" " ind2=" " tag="010"><subfield code="a">sn 86060297 </subfield></datafield><datafield ind1=" " ind2=" " tag="040"><subfield code="a">INP</subfield><subfield code="b">eng</subfield><subfield code="c">INP</subfield><subfield code="d">OCLCQ</subfield></datafield><datafield ind1=" " ind2=" " tag="042"><subfield code="a">msc</subfield></datafield><datafield ind1="0" ind2="0" tag="245"><subfield code="a">Creston daily advertiser and plain dealer.</subfield></datafield><datafield ind1="3" ind2="0" tag="246"><subfield code="a">Creston daily advertiser gazette plain dealer</subfield></datafield><datafield ind1="3" ind2="0" tag="246"><subfield code="a">Advertiser gazette and plain dealer</subfield></datafield><datafield ind1="3" ind2="0" tag="246"><subfield code="a">Creston advertiser gazette and plain dealer</subfield></datafield><datafield ind1="3" ind2="0" tag="246"><subfield code="a">Creston advertiser gazette</subfield></datafield><datafield ind1="1" ind2="3" tag="246"><subfield code="a">Creston daily advertiser gazettee-plain dealer</subfield><subfield code="f">Mar. 1-7, 1921</subfield></datafield><datafield ind1="1" ind2="3" tag="246"><subfield code="a">Creston daily advertiser</subfield><subfield code="f">May 1, 1922-Jan. 10, 1923</subfield></datafield><datafield ind1=" " ind2=" " tag="260"><subfield code="a">Creston, Iowa :</subfield><subfield code="b">Advertiser-Gazette Co.,</subfield><subfield code="c">1921-1923.</subfield></datafield><datafield ind1=" " ind2=" " tag="300"><subfield code="a">2 v. :</subfield><subfield code="b">ill.</subfield></datafield><datafield ind1=" " ind2=" " tag="310"><subfield code="a">Daily (except Saturday)</subfield></datafield><datafield ind1="0" ind2=" " tag="362"><subfield code="a">Vol. 39, no. 287 (Feb. 28, 1921)-v. 41, no. 250 (Jan. 10, 1923).</subfield></datafield><datafield ind1=" " ind2=" " tag="500"><subfield code="a">Later publisher: Creston Advertiser-Gazette Co., May 1, 1922-Jan. 10, 1923.</subfield></datafield><datafield ind1=" " ind2=" " tag="500"><subfield code="a">Official paper of Union County.</subfield></datafield><datafield ind1=" " ind2=" " tag="500"><subfield code="a">Originally edited by: H.J. Metcalf.</subfield></datafield><datafield ind1=" " ind2=" " tag="515"><subfield code="a">Vol. 40, no. 189 (Nov. 2, 1921) misdated Oct. 2, 1921.</subfield></datafield><datafield ind1="0" ind2=" " tag="775"><subfield code="t">Creston weekly advertiser gazette-plain dealer</subfield><subfield code="w">(DLC)sn 86060069</subfield><subfield code="g">Mar. 3-&lt;Dec. 29, 1921&gt;</subfield></datafield><datafield ind1="0" ind2="0" tag="780"><subfield code="t">Creston daily advertiser gazette (Creston, Iowa : 1913)</subfield><subfield code="w">(DLC)sn 86060058</subfield></datafield><datafield ind1="0" ind2="0" tag="785"><subfield code="t">Creston daily advertiser (Creston, Iowa : 1923)</subfield><subfield code="w">(DLC)sn 86063089</subfield></datafield><datafield ind1="1" ind2=" " tag="029"><subfield code="a">AU@</subfield><subfield code="b">000025809986</subfield></datafield></record>